<record><leader>00000cas a22000007a 4500</leader><controlfield tag="001">10999697</controlfield><controlfield tag="008">840728d18881897ohuwr ne      0    0eng d</controlfield><datafield ind1=" " ind2=" " tag="010"><subfield code="a">sn 84028320 </subfield></datafield><datafield ind1=" " ind2=" " tag="040"><subfield code="a">NPY</subfield><subfield code="b">eng</subfield><subfield code="c">NPY</subfield><subfield code="d">ONP</subfield><subfield code="d">OCLCQ</subfield></datafield><datafield ind1=" " ind2=" " tag="042"><subfield code="a">msc</subfield></datafield><datafield ind1="0" ind2=" " tag="130"><subfield code="a">Cleveland advocate (Newburgh, Ohio)</subfield></datafield><datafield ind1="1" ind2="0" tag="245"><subfield code="a">Cleveland advocate.</subfield></datafield><datafield ind1="1" ind2="3" tag="246"><subfield code="a">South Cleveland advocate</subfield></datafield><datafield ind1=" " ind2=" " tag="260"><subfield code="a">[Newburgh, Ohio] :</subfield><subfield code="b">H.H. Nelson</subfield></datafield><datafield ind1=" " ind2=" " tag="300"><subfield code="a">v. :</subfield><subfield code="b">ill. (chiefly advertisements) ;</subfield><subfield code="c">56 cm.</subfield></datafield><datafield ind1=" " ind2=" " tag="310"><subfield code="a">Weekly</subfield></datafield><datafield ind1="1" ind2=" " tag="362"><subfield code="a">Began in Apr. 1888?</subfield></datafield><datafield ind1="1" ind2=" " tag="362"><subfield code="a">Ceased in 1897?</subfield><subfield code="z">Cf. Gutgesell, S. Guide to Ohio newspapers, 1974.</subfield></datafield><datafield ind1=" " ind2=" " tag="500"><subfield code="a">Published on Saturday.</subfield></datafield><datafield ind1=" " ind2=" " tag="500"><subfield code="a">"Republican, 1888-1893, 1896-1897; Independent, 1894-1895."</subfield></datafield><datafield ind1=" " ind2=" " tag="588"><subfield code="a">Description based on: Vol. 16, no. 24 (Apr. 21, 1888).</subfield></datafield><datafield ind1="1" ind2=" " tag="700"><subfield code="a">Nelson, Harry H.</subfield></datafield><datafield ind1=" " ind2=" " tag="752"><subfield code="a">United States</subfield><subfield code="b">Ohio</subfield><subfield code="c">Cuyahoga</subfield><subfield code="d">Newburgh.</subfield></datafield><datafield ind1=" " ind2=" " tag="752"><subfield code="a">United States</subfield><subfield code="b">Ohio</subfield><subfield code="c">Cuyahoga</subfield><subfield code="d">Cleveland.</subfield></datafield><datafield ind1="0" ind2="0" tag="780"><subfield code="t">South Cleveland advocate (South Cleveland, Ohio)</subfield><subfield code="w">(DLC)sn 84028319</subfield></datafield><datafield ind1="0" ind2="0" tag="785"><subfield code="t">South Cleveland advocate (Cleveland, Ohio)</subfield><subfield code="w">(DLC)sn 84028438</subfield></datafield><datafield ind1="1" ind2=" " tag="029"><subfield code="a">AU@</subfield><subfield code="b">000025794174</subfield></datafield></record>